
@book{RL,
  title={Reinforcement Learning: An Introduction},
  author={Sutton, Richard S. and Barto, Andrew G.},
  year={1998},
  publisher={The MIT Press}
}


@ARTICLE{MHJ,
  author = {Jensen, M H and Paladin, G and Vulpiani, A},
  title = {Shell Model for Turbulent Advection of Passive-scalar Fields},
  journal = {Physical Review A},
  year = {1992},
  volume = {45},
  pages = {7214-7221},
  keywords = {context},
}

